3508 2479
1958 227 3230 404 At his Grace the Ld. Arch Bp
1862 356 3217 541 of Canterburys Library in St.
1848 480 2977 654 Martins in the Fields.
2192 681 2741 856 18th.  Augt. 1710.
1938 942 3176 1092 Present His Grace the Ld. A Bishop of
1988 1028 3225 1163 Canterbury. the Ld. Bp. of Ely. Dr. Bradford.
1998 1109 3218 1220 Mr La Mothe, Mr. Rival. Mr. Shute. Mr.
1983 1190 3249 1333 Stubs. Dr. Woodward, Dr. Marshal, Dr. King
2007 1287 3212 1375 Dr. Hancock. Mr. Baker, Sr. John Philips,
1992 1361 3281 1510 Mr. Nelson, Mr. Bonet. Mr. Hodges Mr. Vernon
2165 1491 3269 1631 1 The Secrey Reported that he had Recd. from
1971 1582 3260 1727 Sr. Nathanl. Lloyd her Majties. Advocate General a
1958 1651 3260 1757 Letter, giving an Accot: that Genl Codrington died
1977 1732 3272 1857 on 7th. April last, & had by his last Will & Testament
1971 1793 3244 1919 bearing date 22d. Febr. 1702/3 bequeathed some of
1983 1867 3262 1963 his plantations therein Mentioned to this Society:
1980 1944 3267 2061 then a Copy of the sd. Will of the sd. Genl. Codring
1977 2015 3257 2128 -ton was produc'd and read: Agreed that Sr. Nathanl.
1961 2089 3262 2197 Lloyd. Dr. Wood Dr. Paul and Dr. Penrill be re-
1992 2162 3254 2276 taind as Council and Mr. Peirson as Proctor for
1992 2233 3148 2366 the Society in the Cause of Genl. Codrington
