3508 2479
608 98 1250 236 20. Octobr. 1710.
240 356 1538 519 Present. Dr. Butler. Mr. Stubs. Mr
414 464 1561 610 Waddington, Mr. Shute. Dr. Woodward
395 547 1580 683 Dr. Hancock, Mr. Baker Mr. Bonet. Sr. Jno.
419 643 1534 782 Phillips Mr. Tayleure, Mr. Hodges,
604 841 1580 997 1 The Secrey. laid before the Board two
222 944 1546 1082 Papers sent him by Mr. Peirson the Society’s Syndic,
226 1020 1578 1152 the first containing the Minute of the Proceedings of
231 1095 1575 1212 the last prerogative Court relating to Genl. Codrington.
235 1146 1598 1251 wch: was read; the other was the Book of Charges of the
240 1219 1568 1319 sd. Mr Peirson amounting to £63: 10: 2. the half of
231 1287 1580 1378 which is to be allow'd by the parish of St. Brides,
224 1349 1543 1474 Order’d that the Sd. Bill be refer'd to the Comee: who
235 1443 1582 1559 if they are Satisfied in the several Items thereof.
228 1513 1632 1641 shall have power to direct the Trear to discharge ye. same
587 1587 1557 1740 2 Agreed that a Select Comee. be appointed
219 1644 1614 1817 for takings care of the Society's Interest in the late be-
228 1758 1616 1868 queathed Estate of Genl. Codringtons and for Ordering &
224 1811 1454 1952 transacting all matters relating to the sd Estate.
599 1900 1568 2039 3 Agreed that his Grace the Ld. ABp of
226 1962 1607 2112 Canterbury, his Grace the Lord ABp of York, the Ld
226 2057 1619 2192 Bp. of London. and all other the Lds the Bishops that
226 2145 1605 2215 are Members of this Society, the Deans of Lincoln &
224 2202 1605 2325 Peterborough. Dr. Butler. Dr. Bradford. Dr. Linford
1799 34 3198 185 Sr. John Phillips Sr. Peter King. Mr. Melmouth Mr
1797 135 3212 265 Edwards. Mr. Tayleure. Sr. Nathaniel Lloyd. Mr. Hodg
1783 199 3208 331 -es. Mr. Trimmer and Mr. Chamberlayne or any five
1804 277 3185 414 of them be that Comee: to meet the first time At
1808 356 3185 501 Lambeth on Such day and how as his Grace the Ld
1811 443 3178 555 ABp shall appoint with power of Adjoining to
1820 521 3144 652 such other times and places as they the sd Comee.
1820 597 2329 722 shall think fitt.
2010 780 3196 953 Ordd: that the Secrey. do wait on the Lord
1793 892 3214 1022 ABp and acquaint his Grace with the abovemencond
1806 995 3166 1104 Resolution of this Board, and pray his Grace to
1799 1068 3184 1191 add such other persons as he shall think proper to
1815 1143 3191 1267 the Comee: abovenamed & to appoint the time for the
1808 1207 2554 1349 first meetings of the Comee.
