3508 2479
753 113 1305 274 10th Nove. 1710,
582 342 1747 476 Present the Ld Bp of Peterborough. the Ld. Bp
609 421 1743 543 of Bangor. Dr. Robinson. Ld. Bp. Elect of Bristol
599 491 1745 604 the Ld. Bp of Chichester, Dr. Paget. Mr La Mothe
592 569 1713 724 Dr. King. Mr. Rival Dr. Mandevil. Dr
597 643 1738 775 Marshal. Mr. Stubs. Dean of St. Asaph
606 726 1728 848 Mr. Shute Sr. Clement Cotterel Mr. Hodges
601 806 1750 955 Mr Hoare Sr. John Phillips. Mr Bonet
609 902 1679 1043 Mr Nelson, Mr. Tayleure Mr. Vernon.
743 1051 1733 1225 A Letter was read from Dr. Smal-
408 1171 1745 1295 ridge to Mr. Nelson dated 10. Novr. praying him to
405 1254 1764 1378 lay his request before the Society that his Brother Mr.
405 1332 1755 1466 John Smalridge who was lately Employ'd by Gen
399 1415 1737 1559 Codrington in the management of his Estate in
394 1510 1740 1625 Barbados may be continued in the same: Agreed
406 1589 1742 1689 the Sd. Mr Smalridge shall be continued by the
399 1659 1748 1786 Society in the same Management and upon the same
401 1740 1740 1885 foot as he was in General Codringtons time in case
396 1843 1513 1984 his Grace the president approve thereof.
2146 118 2769 310 17th Novr 1710.
2012 452 3187 574 Present the Lds the Bps of Ely and Sarum
1953 537 3163 662 the Dean of Lincoln. Dr. King, Dr. Marshal
1953 614 3175 751 Dr. Waugh, Dr. Paget. Mr. Rival. Mr. Shute
1950 689 3145 802 Dr. Butler. Mr La Mothe Dr. Hancoke
1973 772 3150 905 Mr Stubs. Sr. John Phillips. Mr. Tayleure,
1973 851 3084 999 Mr. Hodges Col Lowther Govr. of Barbados.
1926 985 3187 1131 The Secrey reported that he receiv'd from
1926 1095 3180 1200 Dr Smalridge several copies of a Sermon preach'd
1904 1161 3118 1266 by the Reverand Mr. William Gordon at the
1896 1215 3202 1351 funeral of General Codrington (which Sermon was
1891 1288 3175 1403 Dedicated to the Society) and that the Dr. had
1887 1356 3172 1474 desired him to present one Copy of the sd Sermon
1892 1423 3173 1515 to every Member now present: Order'd that the Dr
1902 1488 2552 1625 be thankt for the same.
